@inproceedings{barre2020complexity,
  title={Complexity guarantees for {Polyak} steps with momentum},
  author={Barr{\'e}, Mathieu and Taylor, Adrien and d’Aspremont, Alexandre},
  booktitle={Conference on Learning Theory (COLT)},
  pages={452--478},
  year={2020},
  organization={PMLR}
}

@InProceedings{malitsky2019adaptive,
  title = 	 {Adaptive Gradient Descent without Descent},
  author =       {Malitsky, Yura and Mishchenko, Konstantin},
  booktitle = 	 {International Conference on Machine Learning (ICML)},
  pages = 	 {6702--6712},
  year = 	 {2020},
  organization = {PMLR}
}

@article{polyak1964some,
  title={Some methods of speeding up the convergence of iteration methods},
  author={Polyak, Boris T.},
  journal={USSR computational mathematics and mathematical physics},
  volume={4},
  number={5},
  pages={1--17},
  year={1964}
}

@article{polyakintroduction,
  title={Introduction to optimization. 1987},
  author={Polyak, Boris T.},
  year={1987},
  journal={Optimization Software, Inc, New York}
}

@book{nocedal1999numerical,
  title={Numerical optimization},
  author={Nocedal, Jorge and Wright, Stephen J.},
  year={1999},
  publisher={Springer}
}

@Article{nesterov1983method,
  author        = {Nesterov, Yurii},
  year          = {1983},
  journal       = {Soviet Mathematics Doklady},
  title         = {A method of solving a convex programming problem with convergence rate ${O}(1/k^2)$},
  number        = {2},
  pages         = {372-376},
  volume        = {27},
  date-modified = {2005-11-17 10:56:23 -0500},
}

@article{hazan2019revisiting,
  title={Revisiting the {P}olyak step size},
  author={Hazan, Elad and Kakade, Sham},
  journal={arXiv preprint arXiv:1905.00313},
  year={2019}
}

@inproceedings{loizou2021stochastic,
  title={Stochastic {Polyak} step-size for {SGD}: An adaptive learning rate for fast convergence},
  author={Loizou, Nicolas and Vaswani, Sharan and Laradji, Issam Hadj and Lacoste-Julien, Simon},
  booktitle={International Conference on Artificial Intelligence and Statistics (AISTATS)},
  pages={1306--1314},
  year={2021},
  organization={PMLR}
}

@article{gower2022cutting,
  title={Cutting Some Slack for {SGD} with {Adaptive Polyak Stepsizes}},
  author={Gower, Robert M. and Blondel, Mathieu and Gazagnadou, Nidham and Pedregosa, Fabian},
  journal={arXiv preprint arXiv:2202.12328},
  year={2022}
}

@article{boyd2003subgradient,
  title={Subgradient methods},
  author={Boyd, Stephen and Xiao, Lin and Mutapcic, Almir},
  journal={lecture notes of EE392o, Stanford University, Autumn Quarter},
  year={2003}
}

@article{d2021stochastic,
  title={Stochastic mirror descent: Convergence analysis and adaptive variants via the mirror stochastic {Polyak} stepsize},
  author={D'Orazio, Ryan and Loizou, Nicolas and Laradji, Issam and Mitliagkas, Ioannis},
  journal={arXiv preprint arXiv:2110.15412},
  year={2021}
}

@book{fischer2011polynomial,
  title={Polynomial based iteration methods for symmetric linear systems},
  author={Fischer, Bernd},
  year={2011},
  publisher={SIAM}
}

@article{berthier2020accelerated,
  title={Accelerated gossip in networks of given dimension using Jacobi polynomial iterations},
  author={Berthier, Rapha{\"e}l and Bach, Francis and Gaillard, Pierre},
  journal={SIAM Journal on Mathematics of Data Science},
  volume={2},
  number={1},
  pages={24--47},
  year={2020},
  publisher={SIAM}
}

@inproceedings{goujaud2022super,
  title={Super-acceleration with cyclical step-sizes},
  author={Goujaud, Baptiste and Scieur, Damien and Dieuleveut, Aymeric and Taylor, Adrien B. and Pedregosa, Fabian},
  booktitle={International Conference on Artificial Intelligence and Statistics (AISTATS)},
  pages={3028--3065},
  year={2022},
  organization={PMLR}
}

@Article{nemirovski1994efficient,
  author =  {Nemirovski, Arkadi S.},
  title =   {{Information-based complexity of convex programming}},
  journal = {Lecture notes, \url{http://www2.isye.gatech.edu/~nemirovs/Lec_EMCO.pdf}},
  year =    {1994}
}

@Article{nemirovsky1992information,
  author =    {Nemirovski, Arkadi S.},
  title =     {Information-based complexity of linear operator equations},
  journal =   {Journal of Complexity},
  year =      {1992},
  volume =    {8},
  number =    {2},
  pages =     {153--175},
  publisher = {Elsevier}
}

@article{d2021acceleration,
  title={Acceleration methods},
  author={d’Aspremont, Alexandre and Scieur, Damien and Taylor, Adrien},
  journal={Foundations and Trends{\textregistered} in Optimization},
  volume={5},
  number={1-2},
  pages={1--245},
  year={2021},
  publisher={Now Publishers, Inc.}
}

@article{barzilai1988two,
  title={Two-point step size gradient methods},
  author={Barzilai, Jonathan and Borwein, Jonathan M.},
  journal={IMA journal of numerical analysis},
  volume={8},
  number={1},
  pages={141--148},
  year={1988},
  publisher={Oxford University Press}
}

@article{golub1961chebyshev,
  title={Chebyshev semi-iterative methods, successive overrelaxation iterative methods, and second order Richardson iterative methods},
  author={Golub, Gene H. and Varga, Richard S.},
  journal={Numerische Mathematik},
  volume={3},
  number={1},
  pages={157--168},
  year={1961}
}

@misc{pedregosa2021residual,
  title={Residual Polynomials and the Chebyshev method},
  author={Pedregosa, Fabian},
  url = {http://fa.bianp.net/blog/2020/polyopt/},
  year={2020}
}

@Book{nest-book-04,
  Title                    = {{Introductory lectures on convex optimization: a basic course}},
  Author                   = {Nesterov, Yurii},
  Publisher                = {Kluwer Academic Publishers},
  Year                     = {2004},
  Series                   = {Applied optimization}
}

@article{hager2006survey,
  title={A survey of nonlinear conjugate gradient methods},
  author={Hager, William W. and Zhang, Hongchao},
  journal={Pacific journal of Optimization},
  volume={2},
  number={1},
  pages={35--58},
  year={2006}
}

@book{bonnans2006numerical,
  title={Numerical optimization: theoretical and practical aspects},
  author={Bonnans, Joseph-Fr{\'e}d{\'e}ric and Gilbert, Jean-Charles and Lemar{\'e}chal, Claude and Sagastiz{\'a}bal, Claudia A.},
  year={2006},
  publisher={Springer Science \& Business Media}
}
